<collection xmlns="http://www.loc.gov/MARC21/slim">
<record>
  <leader>01780nam0a2200277 i 450 </leader>
  <controlfield tag="001">IT\ICCU\CNCE\018073</controlfield>
  <controlfield tag="005">20140410000000.0</controlfield>
  <datafield tag="012" ind1=" " ind2=" ">
    <subfield code="a">noLO 5bha a-in motu (3) 1598 (R)</subfield>
    <subfield code="2">fei</subfield>
  </datafield>
  <datafield tag="100" ind1=" " ind2=" ">
    <subfield code="a">19970101d1598        0itac0103    ba</subfield>
  </datafield>
  <datafield tag="101" ind1=" " ind2=" ">
    <subfield code="a">ITA</subfield>
  </datafield>
  <datafield tag="102" ind1=" " ind2=" ">
    <subfield code="a">IT</subfield>
  </datafield>
  <datafield tag="200" ind1="1" ind2=" ">
    <subfield code="a">Specchio spirituale del principio, e fine della vita humana; diuiso e distinto in quindici ragionamenti et in cento cinquanta dubbi principali fatti tra&apos;l maestro e suo discepolo in dialogo. Per il r.p. frate Angelo Elli da Milano minor&apos; osseruante da varij &amp; diuersi dottori raccolto ... nouamente posto in luce</subfield>
  </datafield>
  <datafield tag="210" ind1=" " ind2=" ">
    <subfield code="a">In Brescia</subfield>
    <subfield code="c">nella stamperia di Policreto Turlini,</subfield>
    <subfield code="e">In Brescia</subfield>
    <subfield code="g">appresso Policreto Turlini</subfield>
    <subfield code="h">1598</subfield>
  </datafield>
  <datafield tag="215" ind1=" " ind2=" ">
    <subfield code="a">\22!, 276 p.</subfield>
    <subfield code="d">12ʻ</subfield>
  </datafield>
  <datafield tag="620" ind1=" " ind2=" ">
    <subfield code="a">IT</subfield>
    <subfield code="d">Brescia</subfield>
  </datafield>
  <datafield tag="700" ind1=" " ind2="1">
    <subfield code="a">Elli,</subfield>
    <subfield code="b">Angelo</subfield>
    <subfield code="3">IT\ICCU\CNCA\005061</subfield>
  </datafield>
  <datafield tag="712" ind1="0" ind2="0">
    <subfield code="a">Turlino, Policreto</subfield>
    <subfield code="3">IT\ICCU\CNCT\000250</subfield>
    <subfield code="4">650</subfield>
  </datafield>
  <datafield tag="790" ind1=" " ind2="1">
    <subfield code="a">Hellensis,</subfield>
    <subfield code="b">Angelus</subfield>
    <subfield code="3">IT\ICCU\CNCA\017431</subfield>
    <subfield code="z">Elli, Angelo</subfield>
  </datafield>
  <datafield tag="791" ind1="0" ind2="0">
    <subfield code="a">Turlinus, Polycretus</subfield>
    <subfield code="3">IT\ICCU\CNCT\005609</subfield>
    <subfield code="z">Turlino, Policreto</subfield>
  </datafield>
  <datafield tag="791" ind1="0" ind2="0">
    <subfield code="a">Turlini, Polycreto</subfield>
    <subfield code="3">IT\ICCU\CNCT\005610</subfield>
    <subfield code="z">Turlino, Policreto</subfield>
  </datafield>
  <datafield tag="801" ind1=" " ind2="3">
    <subfield code="a">IT</subfield>
    <subfield code="b">ICCU</subfield>
    <subfield code="c">20201114</subfield>
  </datafield>
  <datafield tag="899" ind1=" " ind2=" ">
    <subfield code="a">Biblioteca comunale Sperelliana. Gubbio</subfield>
    <subfield code="1">PG0049</subfield>
    <subfield code="2">UM1 11</subfield>
  </datafield>
  <datafield tag="911" ind1=" " ind2=" ">
    <subfield code="a">sul front.</subfield>
    <subfield code="9">IT\ICCU\CNCM\000310</subfield>
  </datafield>
  <datafield tag="911" ind1=" " ind2=" ">
    <subfield code="a">nel coloph</subfield>
    <subfield code="9">IT\ICCU\CNCM\000601</subfield>
  </datafield>
  <datafield tag="921" ind1=" " ind2=" ">
    <subfield code="a">IT\ICCU\CNCM\000310</subfield>
    <subfield code="b">Aquila ad ali spiegate tiene con gli artigli un libro aperto. In cornice figurata.</subfield>
    <subfield code="e">1) Plus sapies si sapis me sequere; 2) In nubibus.</subfield>
    <subfield code="c">Z118</subfield>
    <subfield code="d">Dimensioni: 2,9 x 3,2</subfield>
    <subfield code="f">ALI</subfield>
    <subfield code="f">AQUILA</subfield>
    <subfield code="f">ARTIGLI</subfield>
    <subfield code="f">LIBRO</subfield>
    <subfield code="f">PLUSSAPIES</subfield>
    <subfield code="g">[non prima del 1582]-1599</subfield>
  </datafield>
  <datafield tag="921" ind1=" " ind2=" ">
    <subfield code="a">IT\ICCU\CNCM\000601</subfield>
    <subfield code="b">Aquila ad ali spiegate tiene negli artigli un libro aperto</subfield>
    <subfield code="e">Plus sapies si sapis me sequere.</subfield>
    <subfield code="c">V30</subfield>
    <subfield code="c">Z117</subfield>
    <subfield code="d">Dimensioni: 3,2 x 4,5. Con o senza motto</subfield>
    <subfield code="f">ALI</subfield>
    <subfield code="f">AQUILA</subfield>
    <subfield code="f">ARTIGLI</subfield>
    <subfield code="f">LIBRO</subfield>
    <subfield code="f">PLUSSAPIES</subfield>
    <subfield code="g">1557-1600</subfield>
  </datafield>
</record>
</collection>
